@article{maisonobe2016filtration,
  title={Filtration Relative, l'Id\'eal de Bernstein et ses pentes},
  author={Maisonobe, Philippe},
  journal={arXiv preprint arXiv:1610.03354},
  year={2016}
}
@article{bjork1979rings,
  title={Rings of differential operators},
  author={Bjork, J-E},
  journal={North-Holland Math. Library},
  volume={21},
  year={1979},
  publisher={North-Holland}
}
@article{kashiwara1976b,
  title={B-functions and holonomic systems},
  author={Kashiwara, Masaki},
  journal={Inventiones mathematicae},
  volume={38},
  number={1},
  pages={33--53},
  year={1976},
  publisher={Springer}
}
@misc{kashiwara2003d,
  title={{D}-modules and microlocal calculus, Translations of Mathematical Monographs, 217 American Math},
  author={Kashiwara, M},
  year={2003},
  publisher={Soc}
}
@article{malgrange1985images,
  title={Sur les images directes de {D}-modules},
  author={Malgrange, Bernard},
  journal={manuscripta mathematica},
  volume={50},
  number={1},
  pages={49--71},
  year={1985},
  publisher={Springer}
}
@article{sabbah2011introduction,
  title={Introduction to the theory of {D}-modules},
  author={Sabbah, Claude},
  journal={Lecture Notes, Nankai},
  note = {Accessed in October 2020 at \url{http://www.cmls.polytechnique.fr/perso/sabbah/livres/sabbah_nankai110705.pdf}},
  year={2011}
}
@book{hotta2007d,
  title={{D}-modules, perverse sheaves, and representation theory},
  author={Hotta, Ryoshi and Tanisaki, Toshiyuki},
  volume={236},
  year={2007},
  publisher={Springer Science \& Business Media}
}
@book{dimca2004sheaves,
  title={Sheaves in topology},
  author={Dimca, Alexandru},
  year={2004},
  publisher={Springer Science \& Business Media}
}
@article{lichtin1989poles,
  title={Poles of $\abs{f (z, w)}^{2s}$ and roots of the b-function},
  author={Lichtin, Ben},
  journal={Arkiv f{\"o}r Matematik},
  volume={27},
  number={1-2},
  pages={283--304},
  year={1989},
  publisher={Institut Mittag-Leffler}
}
@misc{budur2019zero,
      title={Zero loci of Bernstein-Sato ideals},
      author={Nero Budur and Robin van der Veer and Lei Wu and Peng Zhou},
      year={2020},
      eprint={1907.04010},
      archivePrefix={arXiv},
      primaryClass={math.AG}
}
@article{budur2020zero,
  title={Zero loci of Bernstein-Sato ideals--II},
  author={Budur, Nero and van der Veer, Robin and Wu, Lei and Zhou, Peng},
  journal={arXiv preprint arXiv:2001.05728},
  year={2020}
}
@book{bjork1993analytic,
  title={Analytic {D}-modules and applications},
  author={Bj{\"o}rk, Jan-Erik},
  year={1993},
  publisher={Kluwer Academic Publishers Group, Dordrecht}
}
@book{borel1987algebraic,
  title={Algebraic D-modules},
  author={Borel, Armand},
  volume={2},
  year={1987},
  publisher={Academic Pr}
}
@book{berthelot2006theorie,
  title={Theorie des Intersections et Theoreme de Riemann-Roch: Seminaire de Geometrie Algebrique du Bois Marie 1966/67 (SGA 6)},
  author={Berthelot, Pierre and Ferrand, D and Grothendieck, Alexander and Jouanolou, Jean-Pierre and Jussila, O and Illusie, Luc and Kleiman, S and Raynaud, M and Serre, Jean-Pierre},
  volume={225},
  year={2006},
  publisher={Springer}
}
@book{weibel1995introduction,
  title={An introduction to homological algebra},
  author={Weibel, Charles A},
  number={38},
  year={1995},
  publisher={Cambridge university press}
}
@article{monteiro2016riemann,
  title={Riemann-Hilbert correspondence for mixed twistor D-Modules},
  author={Monteiro Fernandes, Teresa and Sabbah, Claude},
  journal={arXiv},
  pages={arXiv--1609},
  year={2016}
}
@article{blanco2020bernstein,
  title={Bernstein-Sato polynomial of plane curves and Yano's conjecture},
  author={Blanco Fern{\'a}ndez, Guillem},
  year={2020},
  publisher={universitat polit{\`e}cnica de catalunya}
}
@article{budur2015bernstein,
  title={Bernstein-Sato Polynomials (Lecture Notes, UPC Barcelona 2015)},
  author={Budur, Nero},
  year={2015}
}
@article{milnor1968singular,
  title={Singular points of complex hypersurfaces (AM-61)},
  author={Milnor, John},
  year={1968},
  publisher={Princeton Univ. Press}
}
@article{sabbah1987proximite,
  title={Proximit{\'e} {\'e}vanescente. I. La structure polaire d’un {D}-module},
  author={Sabbah, Claude},
  journal={Compositio Mathematica},
  volume={62},
  number={3},
  pages={283--328},
  year={1987}
}
@article{gyoja1993bernstein,
  title={Bernstein-Sato’s polynomial for several analytic functions},
  author={Gyoja, Akihiko and others},
  journal={Journal of Mathematics of Kyoto University},
  volume={33},
  number={2},
  pages={399--411},
  year={1993},
  publisher={Kyoto University}
}
@article{schapira1994index,
  title={Index theorem for elliptic pairs},
  author={Schapira, P and Schneiders, J-P},
  journal={Ast{\'e}risque},
  number={224},
  pages={1--113},
  year={1994}
}
@article{EGAIII,
  title={{\'E}l{\'e}ments de g{\'e}om{\'e}trie alg{\'e}brique III},
  author={Grothendieck, Alexandre and Dieudonn{\'e}, Jean },
  year={1961},
  publisher={Springer Berlin Heidelberg New York}
}
@article{brianccon2002remarques,
  title={Remarques sur l'id{\'e}al de Bernstein associ{\'e} {\`a} des polyn{\^o}mes. pr{\'e}publication Univ},
  author={Brianccon, J and Maisonobe, Ph},
  journal={Nice-Sophia Antipolis},
  number={650},
  year={2002}
}
@article{MasterThesisBSLocal,
    title = {Ore Localisation with applications in D-module theory, Master's Thesis},
    year = {2015},
    journal= {RWTH Aachen University},
    author = {Kruff, NH and others}
}
@article{deligne1977sga,
  title={SGA 4 1/2--Cohomologie {\'e}tale},
  author={Deligne, Pierre},
  journal={Lecture Notes in Mathematics},
  volume={569},
  year={1977}
}
